@String{pub-AW = "Ad{\-d}i{\-s}on-Wes{\-l}ey"}
@String{pub-AW:adr = "Reading, MA, USA"}

@article{taboada.2011.lexicon,
  title={Lexicon-based methods for sentiment analysis},
  author={Taboada, Maite and Brooke, Julian and Tofiloski, Milan and Voll, Kimberly and Stede, Manfred},
  journal={Computational linguistics},
  volume={37},
  number={2},
  pages={267--307},
  year={2011},
  publisher={MIT Press}
}

@article{Pang.2002.ml,
   author = {{Pang}, B. and {Lee}, L. and {Vaithyanathan}, S.},
    title = "{Thumbs up? Sentiment Classification using Machine Learning Techniques}",
  journal = {eprint arXiv:cs/0205070},
   eprint = {cs/0205070},
 keywords = {Computation and Language, Learning, I.2.7, I.2.6},
     year = 2002,
    month = may,
   adsurl = {http://adsabs.harvard.edu/abs/2002cs........5070P},
  adsnote = {Provided by the SAO/NASA Astrophysics Data System}
}

@inproceedings{turney.2002.thumbs,
  title={Thumbs up or thumbs down?: semantic orientation applied to unsupervised classification of reviews},
  author={Turney, Peter D},
  booktitle={Proceedings of the 40th annual meeting on association for computational linguistics},
  pages={417--424},
  year={2002},
  organization={Association for Computational Linguistics}
}

@article{kim.2014.convolutional,
  title={Convolutional neural networks for sentence classification},
  author={Kim, Yoon},
  journal={arXiv preprint arXiv:1408.5882},
  year={2014}
}

@article{liu.2012.sentiment,
  title={Sentiment analysis and opinion mining},
  author={Liu, Bing},
  journal={Synthesis lectures on human language technologies},
  volume={5},
  number={1},
  pages={1--167},
  year={2012},
  publisher={Morgan \& Claypool Publishers}
}

@inproceedings{socher.2013.recursive,
  title={Recursive deep models for semantic compositionality over a sentiment treebank},
  author={Socher, Richard and Perelygin, Alex and Wu, Jean Y and Chuang, Jason and Manning, Christopher D and Ng, Andrew Y and Potts, Christopher and others},
  booktitle={Proceedings of the conference on empirical methods in natural language processing (EMNLP)},
  volume={1631},
  pages={1642},
  year={2013},
  organization={Citeseer}
}

@inproceedings{sundermeyer2012lstm,
  title={LSTM Neural Networks for Language Modeling.},
  author={Sundermeyer, Martin and Schl{\"u}ter, Ralf and Ney, Hermann},
  booktitle={Interspeech},
  pages={194--197},
  year={2012}
}

@inproceedings{tang2015document,
  title={Document Modeling with Gated Recurrent Neural Network for Sentiment Classification.},
  author={Tang, Duyu and Qin, Bing and Liu, Ting},
  booktitle={EMNLP},
  pages={1422--1432},
  year={2015}
}

@inproceedings{drake2008sentiment,
  title={Sentiment regression: Using real-valued scores to summarize overall document sentiment},
  author={Drake, Adam and Ringger, Eric and Ventura, Dan},
  booktitle={Semantic Computing, 2008 IEEE International Conference on},
  pages={152--157},
  year={2008},
  organization={IEEE}
}
